% Encoding: UTF-8

@Article{Hu2022,
  author       = {Hu, Jianqiang and Liang, Wei and Hosam, Osama and Hsieh, Meng-Yen and Su, Xin},
  date         = {2022},
  journaltitle = {Connection Science},
  title        = {5GSS: A framework for 5G-secure-smart healthcare monitoring},
  number       = {1},
  pages        = {139--161},
  volume       = {34},
  publisher    = {Taylor \& Francis},
}

@Article{Chen2020,
  author       = {Chen, Baozhan and Qiao, Siyuan and Zhao, Jie and Liu, Dongqing and Shi, Xiaobing and Lyu, Minzhao and Chen, Haotian and Lu, Huimin and Zhai, Yunkai},
  date         = {2020},
  journaltitle = {IEEE internet of things journal},
  title        = {A security awareness and protection system for 5G smart healthcare based on zero-trust architecture},
  number       = {13},
  pages        = {10248--10263},
  volume       = {8},
  publisher    = {IEEE},
}

@Article{Latif2017,
  author       = {Latif, Siddique and Qadir, Junaid and Farooq, Shahzad and Imran, Muhammad Ali},
  date         = {2017},
  journaltitle = {Future Internet},
  title        = {How 5G wireless (and concomitant technologies) will revolutionize healthcare?},
  number       = {4},
  pages        = {93},
  volume       = {9},
  publisher    = {MDPI},
}

@Book{Welinder1997,
  author = {Welinder, Jan},
  date   = {1997},
  title  = {The introduction of DECT in health care environments.},
}

@Article{Oliveira2023,
  author       = {de Oliveira, Wagner and Batista Jr, Jos{\'e} Olimpio Rodrigues and Novais, Tiago and Takashima, Silvio Toshiyuki and Stange, Leonardo Roccon and Martucci Jr, Moacyr and Cugnasca, Carlos Eduardo and Bressan, Gra{\c{c}}a},
  date         = {2023},
  journaltitle = {Sensors},
  title        = {OpenCare5G: O-RAN in private network for digital health applications},
  number       = {2},
  pages        = {1047},
  volume       = {23},
  publisher    = {MDPI},
}

@Article{Wen2021,
  author       = {Wen, Miaowen and Li, Qiang and Kim, Kyeong Jin and L{\'o}pez-P{\'e}rez, David and Dobre, Octavia A and Poor, H Vincent and Popovski, Petar and Tsiftsis, Theodoros A},
  date         = {2021},
  journaltitle = {IEEE Journal of Selected Topics in Signal Processing},
  title        = {Private 5G networks: Concepts, architectures, and research landscape},
  number       = {1},
  pages        = {7--25},
  volume       = {16},
  publisher    = {IEEE},
}

@Article{Maman2021,
  author       = {Maman, Mickael and Calvanese-Strinati, Emilio and Dinh, Lam Ngoc and Haustein, Thomas and Keusgen, Wilhelm and Wittig, Sven and Schmieder, Mathis and Barbarossa, Sergio and Merluzzi, Mattia and Costanzo, Francesca and Sardellitti, Stefania and Klessig, Henrik and Kendre, Savita Vitthalrao and Munaretto, Daniele and Centenaro, Marco and di Pietro, Nicola and Liang, Shuo-Peng and Chih, Kuan-Yi and Luo, Jack Shi-Jie and Kao, Ling-Chih and Huang, Jiun-Cheng and Huang, Jen-Sheng and Wang, Tzu-Ya},
  date         = {2021-12},
  journaltitle = {EURASIP Journal on Wireless Communications and Networking},
  title        = {Beyond private 5G networks: applications, architectures, operator models and technological enablers},
  doi          = {10.1186/s13638-021-02067-2},
  issn         = {1687-1499},
  number       = {1},
  volume       = {2021},
  publisher    = {Springer Science and Business Media LLC},
}

@Article{Kliks2017,
  author       = {Kliks, Adrian and Musznicki, Bartosz and Kowalik, Karol and Kryszkiewicz, Paweł},
  date         = {2017-12},
  journaltitle = {Telecommunication Systems},
  title        = {Perspectives for resource sharing in 5G networks},
  doi          = {10.1007/s11235-017-0411-3},
  issn         = {1572-9451},
  number       = {4},
  pages        = {605--619},
  volume       = {68},
  publisher    = {Springer Science and Business Media LLC},
}

@Article{Eswaran2022,
  author       = {Eswaran, Sivaraman and Honnavalli, Prasad},
  date         = {2022-11},
  journaltitle = {Telecommunication Systems},
  title        = {Private 5G networks: a survey on enabling technologies, deployment models, use cases and research directions},
  doi          = {10.1007/s11235-022-00978-z},
  issn         = {1572-9451},
  number       = {1},
  pages        = {3--26},
  volume       = {82},
  publisher    = {Springer Science and Business Media LLC},
}

@InProceedings{Mihai2022,
  author       = {Mihai, Razvan and Craciunescu, Razvan and Martian, Alexandru and Li, Frank Y and Patachia, Cristian and Vochin, Marius-Constantin},
  booktitle    = {2022 25th International Symposium on Wireless Personal Multimedia Communications (WPMC)},
  date         = {2022},
  title        = {Open-source enabled beyond 5g private mobile networks: From concept to prototype},
  organization = {IEEE},
  pages        = {181--186},
}

@Article{Slokenberga2022,
  author       = {Slokenberga, Santa},
  date         = {2022},
  journaltitle = {Technology and Regulation},
  title        = {Scientific research regime 2.0? Transformations of the research regime and the protection of the data subject that the proposed EHDS regulation promises to bring along},
  doi          = {10.26116/TECHREG.2022.014},
  language     = {en},
  pages        = {Vol. 2022 (2022)},
  copyright    = {Creative Commons Attribution Non Commercial No Derivatives 4.0 International},
  publisher    = {Technology and Regulation},
}

@Legal{2016,
  date     = {2016-04-27},
  keywords = {GDPR, EU, Data},
  part     = {Chapter 1: General Provisions},
  section  = {Article 1: Subject-matter and objectives},
  title    = {Regulation (EU) 2016/679},
  uri      = {https://eur-lex.europa.eu/eli/reg/2016/679/oj},
  owner    = {European Parliament, Council of the European Union},
}

@Legal{Belgium2024,
  date   = {2024-04-26},
  title  = {De NIS2-richtlijn in België},
  author = {Cybersecurity Belgium},
  url    = {https://ccb.belgium.be/nl/nis2},
}

@Legal{2022,
  date     = {2022-05-03},
  keywords = {EHDS, EU},
  part     = {Toelichting},
  section  = {1. Achtergrond van het voorstel},
  title    = {Proposal for regulation (EU) 2022/0140(COD)},
  uri      = {https://eur-lex.europa.eu/legal-content/EN/TXT/?uri=celex:52022PC0197},
}

@WWW{Open5GS.org2024,
  author = {Open5GS.org},
  date   = {2024-11-14},
  title  = {Open5GS Welcome Page},
  url    = {https://open5gs.org/},
}

@Article{Ferrara2023,
  author       = {Paolo Ferrara and Lara Carelli and Federico Ruta and Alessandro Delli Poggi and Milannie Marasigan and Barbara Pinna and Anne Destrebecq and Stefano Terzoni},
  date         = {2023},
  journaltitle = {La Medicina del Lavoro | Work, Environment and Health},
  title        = {Alarm Fatigue in Nursing Students Undertaking Clinical Training in Intensive Care Units: A Multicenter Study},
  doi          = {10.23749/mdl.v114i2.13975},
  issn         = {2532-1080, 0025-7818},
  pages        = {e2023015},
  volume       = {114},
  publisher    = {Mattioli 1885},
}

@Article{Shaoru2023,
  author       = {Shaoru, Chen and Hui, Zhi and Su, Wu and Ruxin, Jiang and Huiyi, Zhang and Hongmei, Zhang and Hongyan, Zhang},
  date         = {2023-01},
  journaltitle = {SAGE Open Nursing},
  title        = {Determinants of Medical Equipment Alarm Fatigue in Practicing Nurses: A Systematic Review},
  doi          = {10.1177/23779608231207227},
  issn         = {2377-9608},
  volume       = {9},
  publisher    = {SAGE Publications},
}

@Article{Casey2018,
  author       = {Casey, Siobhán and Avalos, Gloria and Dowling, Maura},
  date         = {2018-10},
  journaltitle = {Intensive and Critical Care Nursing},
  title        = {Critical care nurses’ knowledge of alarm fatigue and practices towards alarms: A multicentre study},
  doi          = {10.1016/j.iccn.2018.05.004},
  issn         = {0964-3397},
  pages        = {36--41},
  volume       = {48},
  publisher    = {Elsevier BV},
}

@WWW{HOGENT2024,
  date   = {2024},
  editor = {HOGENT},
  title  = {360° Zorglab: Interprofessioneel ervaringscentrum},
  url    = {https://www.hogent.be/projecten/zorglab/},
}

@Article{Wazid2022,
  author       = {Wazid, Mohammad and Das, Ashok Kumar and Mohd, Noor and Park, Youngho},
  date         = {2022},
  journaltitle = {IEEE Access},
  title        = {Healthcare 5.0 Security Framework: Applications, Issues and Future Research Directions},
  doi          = {10.1109/access.2022.3228505},
  issn         = {2169-3536},
  pages        = {129429--129442},
  volume       = {10},
  publisher    = {Institute of Electrical and Electronics Engineers (IEEE)},
}

@Article{Bhavin2021,
  author       = {Bhavin, Makwana and Tanwar, Sudeep and Sharma, Navneet and Tyagi, Sudhanshu and Kumar, Neeraj},
  date         = {2021-02},
  journaltitle = {Journal of Information Security and Applications},
  title        = {Blockchain and quantum blind signature-based hybrid scheme for healthcare 5.0 applications},
  doi          = {10.1016/j.jisa.2020.102673},
  issn         = {2214-2126},
  pages        = {102673},
  volume       = {56},
  publisher    = {Elsevier BV},
}

@Article{Ghosh2022,
  author       = {Ghosh, Timam and Roy, Arijit and Misra, Sudip},
  date         = {2022-06},
  journaltitle = {Computer Networks},
  title        = {B2H: Enabling delay-tolerant blockchain network in healthcare for Society 5.0},
  doi          = {10.1016/j.comnet.2022.108860},
  issn         = {1389-1286},
  pages        = {108860},
  volume       = {210},
  publisher    = {Elsevier BV},
}

@Article{Chang2022,
  author       = {Chang, Jinyong and Ren, Qiaochuan and Ji, Yanyan and Xu, Maozhi and Xue, Rui},
  date         = {2022-07},
  journaltitle = {Computer Networks},
  title        = {Secure medical data management with privacy-preservation and authentication properties in smart healthcare system},
  doi          = {10.1016/j.comnet.2022.109013},
  issn         = {1389-1286},
  pages        = {109013},
  volume       = {212},
  publisher    = {Elsevier BV},
}

@InProceedings{Gupta2020,
  author    = {Gupta, Rajesh and Thakker, Urvish and Tanwar, Sudeep and Obaidat, Mohammad S. and Hsiao, Kuei-Fang},
  booktitle = {2020 International Conference on Computer, Information and Telecommunication Systems (CITS)},
  date      = {2020-10},
  title     = {BITS: A Blockchain-driven Intelligent Scheme for Telesurgery System},
  doi       = {10.1109/cits49457.2020.9232662},
  pages     = {1--5},
  publisher = {IEEE},
}

@Article{Coiera2006,
  author       = {Enrico Coiera},
  date         = {2006-05},
  journaltitle = {The Clinical biochemist Reviews},
  title        = {Communication systems in healthcare},
  number       = {2},
  pages        = {89-98},
  url          = {https://pmc.ncbi.nlm.nih.gov/articles/PMC1579411/},
  volume       = {27},
}

@Article{Aarts2010,
  author       = {Aarts, Jos and Callen, Joanne and Coiera, Enrico and Westbrook, Johanna},
  date         = {2010-06},
  journaltitle = {International Journal of Medical Informatics},
  title        = {Information technology in health care: Socio-technical approaches},
  doi          = {10.1016/j.ijmedinf.2010.03.006},
  issn         = {1386-5056},
  number       = {6},
  pages        = {389--390},
  volume       = {79},
  publisher    = {Elsevier BV},
}

@Article{Coiera2000,
  author       = {Coiera, E.},
  date         = {2000-05},
  journaltitle = {Journal of the American Medical Informatics Association},
  title        = {When Conversation Is Better Than Computation},
  doi          = {10.1136/jamia.2000.0070277},
  issn         = {1527-974X},
  number       = {3},
  pages        = {277--286},
  volume       = {7},
  publisher    = {Oxford University Press (OUP)},
}

@Article{FrancesTecles2023,
  author       = {Francés Tecles, Elena and Camaño Puig, Ramón},
  date         = {2023-10},
  journaltitle = {Perspectivas de la comunicación},
  title        = {Comunicación interna en centros de atención primaria de salud: una perspectiva de enfermería},
  doi          = {10.56754/0718-4867.2023.3351},
  issn         = {0718-4867},
  number       = {2},
  pages        = {1--21},
  volume       = {16},
  publisher    = {Universidad de La Frontera},
}

@Report{EU4Digital2024,
  author      = {EU4Digital},
  date        = {2024-03},
  institution = {EU for Digital},
  title       = {5G private networks development: EU best practice report},
  type        = {resreport},
}

@WWW{Citymesh2024,
  author = {Citymesh},
  date   = {2024-12-02},
  title  = {Citymesh About},
  url    = {https://www.citymesh.com/about/},
}

@InProceedings{Montalvo2024,
  author     = {Montalvo, Luis and Tuquerres, Gloria and Bernal, Ivan},
  booktitle  = {Proceedings of the 22nd LACCEI International Multi-Conference for Engineering, Education and Technology (LACCEI 2024): “Sustainable Engineering for a Diverse, Equitable, and Inclusive Future at the Service of Education, Research, and Industry for a Society 5.0.”},
  date       = {2024},
  title      = {DECT Evolution towards Meeting the Requirements for IMT-2020 in the Residential Environment},
  doi        = {10.18687/laccei2024.1.1.695},
  publisher  = {Latin American and Caribbean Consortium of Engineering Institutions},
  series     = {LACCEI2024},
  collection = {LACCEI2024},
}

@InProceedings{Kranz2010,
  author = {Kranz, Matthias and Fischer, Carl and Schmidt, Albrecht},
  date   = {2010-05},
  title  = {A comparative study of DECT and WLAN signals for indoor localization},
  doi    = {10.1109/PERCOM.2010.5466970},
  pages  = {235 - 243},
}

@Article{Soenmez2018,
  author       = {Sönmez, Ferdi and EROL, Beytullah},
  date         = {2018-03},
  journaltitle = {International Journal of Computer Applications Technology and Research},
  title        = {Survey of Research on IP-DECT and VOIP Systems Safety and a Novel Counter-Measure Approach},
  doi          = {10.7753/IJCATR0703.1002},
  pages        = {114-121},
  volume       = {07},
}

@Article{Bakare2022,
  author = {Bakare, Bodunrin and Abidde, Wobiageri},
  date   = {2022-04},
  title  = {A Technical Review of Long Term Evolution (LTE) Operations},
  pages  = {132-137},
  volume = {11},
}

@Article{GariniDil2014,
  author       = {Orly Garini-Dil},
  date         = {2014-10-13},
  journaltitle = {DSP Group},
  title        = {ULE A technology overview},
}

@Article{Niekerk2020,
  author = {Matthew van Niekerk and Roderik van der Veer and Vincent Bultot and Gyanendra Sharma and Valentina Ponomarova},
  date   = {2020-10-28},
  title  = {Databroker: The Next Generation Data Marketplace},
}

@Article{Hever2019,
  author       = {Hever, Gal and Cohen, Liel and O’Connor, Michael F. and Matot, Idit and Lerner, Boaz and Bitan, Yuval},
  date         = {2019-04},
  journaltitle = {Journal of Clinical Monitoring and Computing},
  title        = {Machine learning applied to multi-sensor information to reduce false alarm rate in the ICU},
  doi          = {10.1007/s10877-019-00307-x},
  issn         = {1573-2614},
  number       = {2},
  pages        = {339--352},
  volume       = {34},
  publisher    = {Springer Science and Business Media LLC},
}

@Online{Lee2025,
  author = {Sukchan Lee},
  date   = {2025-02-23},
  editor = {Open5GS},
  title  = {Documentation},
  url    = {https://open5gs.org/open5gs/docs/},
}

@Online{Lee2021,
  author = {Sukchan Lee},
  date   = {2021-04-22},
  editor = {Open5GS},
  title  = {Open5GS Diagram},
  url    = {https://open5gs.org/open5gs/assets/images/Open5GS_CUPS-01.pdf},
}

@Online{Open5GS2025,
  author = {Open5GS},
  date   = {2025-02-20},
  editor = {Github},
  title  = {Open5gs Github},
  url    = {https://github.com/open5gs/open5gs},
}

@Manual{OAIBOX2025,
  author = {OAIBOX},
  date   = {2025-01-27},
  editor = {Allbesmart},
  title  = {5G Lab Manual (v30)},
  url    = {https://oaibox.com/5g-lab-manual/},
}

@WWW{McAuliffe2023,
  author = {Brendan McAuliffe},
  date   = {2023-07-06},
  title  = {srsRAN Documentation},
  url    = {https://docs.srsran.com/en/latest/index.html},
}

@WWW{Sultan2022,
  author = {Alain Sultan},
  date   = {2022-08-08},
  editor = {3GPP},
  title  = {5G System Overview},
  url    = {https://www.3gpp.org/technologies/5g-system-overview},
}

@WWW{Targali2025,
  author       = {Yousif Targali and Anja Jerichow and Andreas Pashalidis},
  date         = {2025-02-04},
  editor       = {3GPP},
  title        = {5G Roaming Security},
  url          = {https://www.3gpp.org/technologies/roaming-security-sa3},
  organization = {Verizon, Nokia and German Federal Office for Information Security},
}

@WWW{Tangudu2025,
  author = {Narendranath Durga Tangudu and Dongwook Kim and Yali Yan and Susana Fernandez and Abdessamad El Moatamid},
  date   = {2025-02-04},
  editor = {3GPP},
  title  = {3GPP Capability Exposure Frameworks and APIs},
  url    = {https://www.3gpp.org/technologies/ct3-exp-fr-apis},
}

@WWW{Shan2023,
  author = {Chen Shan and Gerald Goermer and Mirko Cano Soveri},
  date   = {2023-09-13},
  editor = {WG SA5},
  title  = {5G Network slicing Charging},
  url    = {https://www.3gpp.org/technologies/slicing-charging},
}

@Online{Mpirical2025,
  author = {Mpirical},
  date   = {2025-01-31},
  editor = {Mpirical},
  title  = {Glossary},
  url    = {https://www.mpirical.com/glossary},
}

@Online{Lee2025a,
  author = {Sukchan Lee},
  date   = {2025-03-07},
  editor = {Open5GS},
  title  = {Quickstart Guide},
  url    = {https://open5gs.org/open5gs/docs/guide/01-quickstart/},
}

@Comment{jabref-meta: databaseType:biblatex;}
