% Encoding: UTF-8

@Article{hu20225gss,
  author    = {Hu, Jianqiang and Liang, Wei and Hosam, Osama and Hsieh, Meng-Yen and Su, Xin},
  title     = {5GSS: A framework for 5G-secure-smart healthcare monitoring},
  number    = {1},
  pages     = {139--161},
  volume    = {34},
  journal   = {Connection Science},
  publisher = {Taylor \& Francis},
  year      = {2022},
}

@Article{chen2020security,
  author    = {Chen, Baozhan and Qiao, Siyuan and Zhao, Jie and Liu, Dongqing and Shi, Xiaobing and Lyu, Minzhao and Chen, Haotian and Lu, Huimin and Zhai, Yunkai},
  title     = {A security awareness and protection system for 5G smart healthcare based on zero-trust architecture},
  number    = {13},
  pages     = {10248--10263},
  volume    = {8},
  journal   = {IEEE internet of things journal},
  publisher = {IEEE},
  year      = {2020},
}

@Article{latif20175g,
  author    = {Latif, Siddique and Qadir, Junaid and Farooq, Shahzad and Imran, Muhammad Ali},
  title     = {How 5G wireless (and concomitant technologies) will revolutionize healthcare?},
  number    = {4},
  pages     = {93},
  volume    = {9},
  journal   = {Future Internet},
  publisher = {MDPI},
  year      = {2017},
}

@Book{Welinder1997,
  author = {Welinder, Jan},
  date   = {1997},
  title  = {The introduction of DECT in health care environments.},
  year   = {1997},
}

@Article{de2023opencare5g,
  author    = {de Oliveira, Wagner and Batista Jr, Jos{\'e} Olimpio Rodrigues and Novais, Tiago and Takashima, Silvio Toshiyuki and Stange, Leonardo Roccon and Martucci Jr, Moacyr and Cugnasca, Carlos Eduardo and Bressan, Gra{\c{c}}a},
  title     = {OpenCare5G: O-RAN in private network for digital health applications},
  number    = {2},
  pages     = {1047},
  volume    = {23},
  journal   = {Sensors},
  publisher = {MDPI},
  year      = {2023},
}

@Article{wen2021private,
  author    = {Wen, Miaowen and Li, Qiang and Kim, Kyeong Jin and L{\'o}pez-P{\'e}rez, David and Dobre, Octavia A and Poor, H Vincent and Popovski, Petar and Tsiftsis, Theodoros A},
  title     = {Private 5G networks: Concepts, architectures, and research landscape},
  number    = {1},
  pages     = {7--25},
  volume    = {16},
  journal   = {IEEE Journal of Selected Topics in Signal Processing},
  publisher = {IEEE},
  year      = {2021},
}

@Article{Maman2021,
  author       = {Maman, Mickael and Calvanese-Strinati, Emilio and Dinh, Lam Ngoc and Haustein, Thomas and Keusgen, Wilhelm and Wittig, Sven and Schmieder, Mathis and Barbarossa, Sergio and Merluzzi, Mattia and Costanzo, Francesca and Sardellitti, Stefania and Klessig, Henrik and Kendre, Savita Vitthalrao and Munaretto, Daniele and Centenaro, Marco and di Pietro, Nicola and Liang, Shuo-Peng and Chih, Kuan-Yi and Luo, Jack Shi-Jie and Kao, Ling-Chih and Huang, Jiun-Cheng and Huang, Jen-Sheng and Wang, Tzu-Ya},
  date         = {2021-12},
  journaltitle = {EURASIP Journal on Wireless Communications and Networking},
  title        = {Beyond private 5G networks: applications, architectures, operator models and technological enablers},
  doi          = {10.1186/s13638-021-02067-2},
  issn         = {1687-1499},
  number       = {1},
  volume       = {2021},
  publisher    = {Springer Science and Business Media LLC},
}

@Article{Kliks2017,
  author       = {Kliks, Adrian and Musznicki, Bartosz and Kowalik, Karol and Kryszkiewicz, Paweł},
  date         = {2017-12},
  journaltitle = {Telecommunication Systems},
  title        = {Perspectives for resource sharing in 5G networks},
  doi          = {10.1007/s11235-017-0411-3},
  issn         = {1572-9451},
  number       = {4},
  pages        = {605--619},
  volume       = {68},
  publisher    = {Springer Science and Business Media LLC},
}

@Article{Eswaran2022,
  author       = {Eswaran, Sivaraman and Honnavalli, Prasad},
  date         = {2022-11},
  journaltitle = {Telecommunication Systems},
  title        = {Private 5G networks: a survey on enabling technologies, deployment models, use cases and research directions},
  doi          = {10.1007/s11235-022-00978-z},
  issn         = {1572-9451},
  number       = {1},
  pages        = {3--26},
  volume       = {82},
  publisher    = {Springer Science and Business Media LLC},
}

@InProceedings{mihai2022open,
  author       = {Mihai, Razvan and Craciunescu, Razvan and Martian, Alexandru and Li, Frank Y and Patachia, Cristian and Vochin, Marius-Constantin},
  booktitle    = {2022 25th International Symposium on Wireless Personal Multimedia Communications (WPMC)},
  title        = {Open-source enabled beyond 5g private mobile networks: From concept to prototype},
  organization = {IEEE},
  pages        = {181--186},
  year         = {2022},
}

@Article{Slokenberga2022,
  author       = {Slokenberga, Santa},
  date         = {2022},
  journaltitle = {Technology and Regulation},
  title        = {Scientific research regime 2.0? Transformations of the research regime and the protection of the data subject that the proposed EHDS regulation promises to bring along},
  doi          = {10.26116/TECHREG.2022.014},
  language     = {en},
  pages        = {Vol. 2022 (2022)},
  copyright    = {Creative Commons Attribution Non Commercial No Derivatives 4.0 International},
  publisher    = {Technology and Regulation},
}

@Legal{gdpr2016,
  date     = {2016-04-27},
  keywords = {GDPR, EU, Data},
  part     = {Chapter 1: General Provisions},
  section  = {Article 1: Subject-matter and objectives},
  title    = {Regulation (EU) 2016/679},
  uri      = {https://eur-lex.europa.eu/eli/reg/2016/679/oj},
  owner    = {European Parliament, Council of the European Union},
}

@Legal{Belgium2024,
  date   = {2024-04-26},
  title  = {De NIS2-richtlijn in België},
  author = {Cybersecurity Belgium},
  url    = {https://ccb.belgium.be/nl/nis2},
}

@Legal{EHDS2022,
  date     = {2022-05-03},
  keywords = {EHDS, EU},
  part     = {Toelichting},
  section  = {1. Achtergrond van het voorstel},
  title    = {Proposal for regulation (EU) 2022/0140(COD)},
  uri      = {https://eur-lex.europa.eu/legal-content/EN/TXT/?uri=celex:52022PC0197},
}

@WWW{Open5GS2024,
  author = {Open5GS.org},
  date   = {2024-11-14},
  title  = {Open5GS Welcome Page},
  url    = {https://open5gs.org/},
}

@Article{Ferrara2023,
  author       = {Paolo Ferrara and Lara Carelli and Federico Ruta and Alessandro Delli Poggi and Milannie Marasigan and Barbara Pinna and Anne Destrebecq and Stefano Terzoni},
  date         = {2023},
  journaltitle = {La Medicina del Lavoro | Work, Environment and Health},
  title        = {Alarm Fatigue in Nursing Students Undertaking Clinical Training in Intensive Care Units: A Multicenter Study},
  doi          = {10.23749/mdl.v114i2.13975},
  issn         = {2532-1080, 0025-7818},
  pages        = {e2023015},
  volume       = {114},
  publisher    = {Mattioli 1885},
}

@Article{Shaoru2023,
  author       = {Shaoru, Chen and Hui, Zhi and Su, Wu and Ruxin, Jiang and Huiyi, Zhang and Hongmei, Zhang and Hongyan, Zhang},
  date         = {2023-01},
  journaltitle = {SAGE Open Nursing},
  title        = {Determinants of Medical Equipment Alarm Fatigue in Practicing Nurses: A Systematic Review},
  doi          = {10.1177/23779608231207227},
  issn         = {2377-9608},
  volume       = {9},
  publisher    = {SAGE Publications},
}

@Article{Casey2018,
  author       = {Casey, Siobhán and Avalos, Gloria and Dowling, Maura},
  date         = {2018-10},
  journaltitle = {Intensive and Critical Care Nursing},
  title        = {Critical care nurses’ knowledge of alarm fatigue and practices towards alarms: A multicentre study},
  doi          = {10.1016/j.iccn.2018.05.004},
  issn         = {0964-3397},
  pages        = {36--41},
  volume       = {48},
  publisher    = {Elsevier BV},
}

@WWW{HOGENT2024,
  date   = {2024},
  editor = {HOGENT},
  title  = {360° Zorglab: Interprofessioneel ervaringscentrum},
  url    = {https://www.hogent.be/projecten/zorglab/},
}

@Article{Wazid2022,
  author       = {Wazid, Mohammad and Das, Ashok Kumar and Mohd, Noor and Park, Youngho},
  date         = {2022},
  journaltitle = {IEEE Access},
  title        = {Healthcare 5.0 Security Framework: Applications, Issues and Future Research Directions},
  doi          = {10.1109/access.2022.3228505},
  issn         = {2169-3536},
  pages        = {129429--129442},
  volume       = {10},
  publisher    = {Institute of Electrical and Electronics Engineers (IEEE)},
}

@Article{Bhavin2021,
  author       = {Bhavin, Makwana and Tanwar, Sudeep and Sharma, Navneet and Tyagi, Sudhanshu and Kumar, Neeraj},
  date         = {2021-02},
  journaltitle = {Journal of Information Security and Applications},
  title        = {Blockchain and quantum blind signature-based hybrid scheme for healthcare 5.0 applications},
  doi          = {10.1016/j.jisa.2020.102673},
  issn         = {2214-2126},
  pages        = {102673},
  volume       = {56},
  publisher    = {Elsevier BV},
}

@Article{Ghosh2022,
  author       = {Ghosh, Timam and Roy, Arijit and Misra, Sudip},
  date         = {2022-06},
  journaltitle = {Computer Networks},
  title        = {B2H: Enabling delay-tolerant blockchain network in healthcare for Society 5.0},
  doi          = {10.1016/j.comnet.2022.108860},
  issn         = {1389-1286},
  pages        = {108860},
  volume       = {210},
  publisher    = {Elsevier BV},
}

@Article{Chang2022,
  author       = {Chang, Jinyong and Ren, Qiaochuan and Ji, Yanyan and Xu, Maozhi and Xue, Rui},
  date         = {2022-07},
  journaltitle = {Computer Networks},
  title        = {Secure medical data management with privacy-preservation and authentication properties in smart healthcare system},
  doi          = {10.1016/j.comnet.2022.109013},
  issn         = {1389-1286},
  pages        = {109013},
  volume       = {212},
  publisher    = {Elsevier BV},
}

@InProceedings{Gupta2020,
  author    = {Gupta, Rajesh and Thakker, Urvish and Tanwar, Sudeep and Obaidat, Mohammad S. and Hsiao, Kuei-Fang},
  booktitle = {2020 International Conference on Computer, Information and Telecommunication Systems (CITS)},
  date      = {2020-10},
  title     = {BITS: A Blockchain-driven Intelligent Scheme for Telesurgery System},
  doi       = {10.1109/cits49457.2020.9232662},
  pages     = {1--5},
  publisher = {IEEE},
}

@Comment{jabref-meta: databaseType:biblatex;}
